@inproceedings{Article1,
	added-at = {2012-12-19T00:00:00.000+0100},
	author = {B{\"u}hling, Ren\'{e} and Obaid, Mohammad and Hammer, Stephan and Andr\'{e}, Elisabeth},
	biburl = {http://www.bibsonomy.org/bibtex/222613795ab3fb6361314d794f18853d2/dblp},
	booktitle = {MUM},
	editor = {Rukzio, Enrico},
	ee = {http://doi.acm.org/10.1145/2406367.2406428},
	interhash = {7b337096a370b468dd35235c343ba736},
	intrahash = {22613795ab3fb6361314d794f18853d2},
	isbn = {978-1-4503-1815-0},
	keywords = {dblp},
	pages = 50,
	publisher = {ACM},
	timestamp = {2012-12-19T00:00:00.000+0100},
	title = {Mobile augmented reality and adaptive art: a game-based motivation for energy saving.},
	url = {http://dblp.uni-trier.de/db/conf/mum/mum2012.html#BuhlingOHA12},
	year = 2012
}

@INPROCEEDINGS{Article2,
    TITLE = "Assisting Inhabitants of Residential Homes with Management of Their Energy Consumption",
    AUTHOR = "Kugler, M. and Andr\'{e}, E. and Masoodian, M. and Reinhart, F. and Rogers, B. and Schlieper, K.",
    BOOKTITLE = "Sustainability in Energy and Buildings",
    PUBLISHER = "Springer-Verlag Berlin Heidelberg",
    PAGES = "147--156",
    YEAR = "2013"}

@inproceedings{Article3,
	added-at = {2012-12-19T00:00:00.000+0100},
	author = {Kurdyukova, Ekaterina and Obaid, Mohammad and Andr\'{e}, Elisabeth},
	biburl = {http://www.bibsonomy.org/bibtex/2a3b06656d4555629acb1fffbfb9562e4/dblp},
	booktitle = {MUM},
	editor = {Rukzio, Enrico},
	ee = {http://doi.acm.org/10.1145/2406367.2406421},
	interhash = {e131f0fcb290f49e744f50c3a82fd4f4},
	intrahash = {a3b06656d4555629acb1fffbfb9562e4},
	isbn = {978-1-4503-1815-0},
	keywords = {dblp},
	pages = 44,
	publisher = {ACM},
	timestamp = {2012-12-19T00:00:00.000+0100},
	title = {Direct, bodily or mobile interaction?: comparing interaction techniques for personalized public displays.},
	url = {http://dblp.uni-trier.de/db/conf/mum/mum2012.html#KurdyukovaOA12},
	year = 2012
}


@inproceedings{Article4,
	added-at = {2011-11-15T00:00:00.000+0100},
	author = {Kurdyukova, Ekaterina and Bee, Karin and Andr\'{e}, Elisabeth},
	biburl = {http://www.bibsonomy.org/bibtex/21d2ab1362f9ed856ae9f6afd9f8ee46b/dblp},
	booktitle = {AmI},
	editor = {Keyson, David V. and Maher, Mary Lou and Streitz, Norbert and Cheok, Adrian David and Augusto, Juan Carlos and Wichert, Reiner and Englebienne, Gwenn and Aghajan, Hamid K. and Kr{\"o}se, Ben J. A.},
	ee = {http://dx.doi.org/10.1007/978-3-642-25167-2_30},
	interhash = {2b380ed02bde7c77d728c9d9823ae750},
	intrahash = {1d2ab1362f9ed856ae9f6afd9f8ee46b},
	isbn = {978-3-642-25166-5},
	keywords = {dblp},
	pages = {228-237},
	publisher = {Springer},
	series = {Lecture Notes in Computer Science},
	timestamp = {2011-11-15T00:00:00.000+0100},
	title = {Friend or Foe? Relationship-Based Adaptation on Public Displays.},
	url = {http://dblp.uni-trier.de/db/conf/ami/ami2011.html#KurdyukovaBA11},
	volume = 7040,
	year = 2011
}